%% This BibTeX bibliography file was created using BibDesk.
%% https://bibdesk.sourceforge.io/

%% Created for Jane Doe at 2019-07-30 21:22:01 -0400 


%% Saved with string encoding Unicode (UTF-8) 



@booklet{cms59,
	Date-Added = {2019-07-30 21:12:47 -0400},
	Date-Modified = {2019-07-30 21:22:00 -0400},
	Journal = {Cuadernos M{\'e}dico Sociales (Chile)},
	Number = {1},
	Title = {salud & ambiente: geograf{\'\i}as en sacrificio},
	Volume = {59},
	Year = {2019}}

@article{landrigan2017,
	Author = {Philip J Landrigan, Richard Fuller, Nereus J R Acosta, Olusoji Adeyi, Robert Arnold, Niladri (Nil) Basu, Abdoulaye Bibi Bald{\'e}, Roberto Bertollini, Stephan Bose-O'Reilly, Jo Ivey Bou ord, Patrick N Breysse, Thomas Chiles, Chulabhorn Mahidol, Awa M Coll-Seck, Maureen L Cropper, Julius Fobil, Valentin Fuster, Michael Greenstone, Andy Haines, David Hanrahan, David Hunter, Mukesh Khare, Alan Krupnick, Bruce Lanphear, Bindu Lohani, Keith Martin, Karen V Mathiasen, Maureen A McTeer, Christopher J L Murray, Johanita D Ndahimananjara, Frederica Perera, Janez Poto{\v c}nik, Alexander S Preker, Jairam Ramesh, Johan Rockstr{\"o}m, Carlos Salinas, Leona D Samson, Karti Sandilya, Peter D Sly, Kirk R Smith, Achim Steiner, Richard B Stewart, William A Suk, Onno C P van Schayck, Gautam N Yadama, Kandeh Yumkella, Ma Zhong},
	Date-Added = {2019-07-27 19:52:34 -0400},
	Date-Modified = {2019-07-29 13:24:18 -0400},
	Journal = {The Lancet},
	Month = {February},
	Number = {10119},
	Pages = {475},
	Title = {The Lancet Commission on pollution and health},
	Volume = {391},
	Year = {2018}}

@article{cms80s,
	Author = {Mar{\'\i}a Fernanda Cavieres},
	Date-Added = {2019-07-27 19:30:12 -0400},
	Date-Modified = {2019-07-30 21:12:41 -0400},
	Journal = {Cuadernos M{\'e}dico Sociales (Chile)},
	Number = {1},
	Pages = {35},
	Title = {Estudios sobre la contaminaci{\'o}n de Puchuncav{\'\i} en la decada de los 80. Un aporte cient{\'\i}fico que no fue},
	Volume = {59},
	Year = {2019}}
